 @misc{1,
  title   = {GOOGLE},
  url     = {google.com},
  urldate = {2013-05-16}
}

 @booklet{2,
  author = {ITU},
  title  = { Recommendation ITU-R P.453, The radio refractive index: its formula and refractivity data},
  url    = {https://www.itu.int/dms_pubrec/itu-r/rec/p/R-REC-P.453-14-201908-I!!PDF-E.pdf}
}

 @booklet{3,
  author = {ITU},
  title  = {Recommendation ITU-R P.836, Water vapour: surface density and total columnar content},
  url    = {https://www.itu.int/dms_pubrec/itu-r/rec/p/R-REC-P.836-6-201712-I!!PDF-E.pdf}
}

 @book{4,
  author    = {Pechač Pavel a Zvánovec Stanislav},
  title     = {Základy šíření vln pro plánování pozemních rádiových spojů},
  publisher = {BEN - technická literatura},
  year      = {2007},
  isbn      = {978-80-7300-223-7}
}


